<record><leader>00886cam a2200253 a 4500</leader><controlfield tag="001">1378904</controlfield><controlfield tag="008">910606s1985    ilu               0 eng c</controlfield><datafield ind1=" " ind2=" " tag="035"><subfield code="a">ocm70346441</subfield></datafield><datafield ind1=" " ind2=" " tag="040"><subfield code="b">eng</subfield></datafield><datafield ind1=" " ind2=" " tag="049"><subfield code="a">AEU</subfield><subfield code="b">eng</subfield></datafield><datafield ind1=" " ind2="3" tag="055"><subfield code="a">QP 141</subfield><subfield code="b">P578 1985</subfield></datafield><datafield ind1="0" ind2=" " tag="090"><subfield code="a">QP 141 P578 1985</subfield></datafield><datafield ind1="0" ind2="5" tag="245"><subfield code="a">[The physiological and pathophysiological components of nutrition].</subfield></datafield><datafield ind1=" " ind2=" " tag="260"><subfield code="a">Park Forest, Ill. ;</subfield><subfield code="b">Chem-Orbital,</subfield><subfield code="c">c1985.</subfield></datafield><datafield ind1=" " ind2=" " tag="300"><subfield code="a">viii, 316 p. :</subfield><subfield code="b">ill. ;</subfield><subfield code="c">25 cm.</subfield></datafield><datafield ind1=" " ind2=" " tag="336"><subfield code="a">text</subfield><subfield code="b">txt</subfield><subfield code="2">rdacontent</subfield></datafield><datafield ind1=" " ind2=" " tag="337"><subfield code="a">unmediated</subfield><subfield code="b">n</subfield><subfield code="2">rdamedia</subfield></datafield><datafield ind1=" " ind2=" " tag="338"><subfield code="a">volume</subfield><subfield code="b">nc</subfield><subfield code="2">rdacarrier</subfield></datafield><datafield ind1=" " ind2=" " tag="500"><subfield code="a">Issued as: v.5, no.6 of: Journal of environmental pathology, toxicology and oncology.</subfield></datafield><datafield ind1=" " ind2=" " tag="596"><subfield code="a">42</subfield></datafield><datafield ind1=" " ind2="0" tag="650"><subfield code="a">Nutrition.</subfield></datafield><datafield ind1=" " ind2="0" tag="650"><subfield code="a">Cancer</subfield><subfield code="x">Nutritional aspects.</subfield></datafield><datafield ind1=" " ind2="0" tag="650"><subfield code="a">Toxicology.</subfield></datafield><datafield ind1=" " ind2=" " tag="926"><subfield code="a">QP 141 P578 1985</subfield><subfield code="w">LC</subfield><subfield code="c">1</subfield><subfield code="i">000036758449</subfield><subfield code="d">4/4/1997</subfield><subfield code="l">ON_SHELF</subfield><subfield code="m">UAHLTHSC</subfield><subfield code="n">1</subfield><subfield code="p">$150.00</subfield><subfield code="r">Y</subfield><subfield code="s">Y</subfield><subfield code="t">BOOK</subfield><subfield code="u">6/12/1991</subfield></datafield></record>